@misc{Aerospike2017,
	author = {Aerospike},
	title = {What is a Key-Value Store?},
	year = {2017},
	howpublished = {\url{http://www.aerospike.com/what-is-a-key-value-store/}},
	note = {Accessed: 18th june 2017}
}

@misc{Borysowich2008,
	author = {Craig Borysowich},
	title = {Some Pros \& Cons of Relational Databases},
	year = {May 2008},
	howpublished = {\url{http://it.toolbox.com/blogs/enterprise-solutions/some-pros-cons-of-relational-databases-24144}},
	note = {Accessed: 14th june 2017}
}

@article{Codd1970,
	author = {Codd, E. F.},
	title = {A Relational Model of Data for Large Shared Data Banks},
	journal = {Commun. ACM},
	issue_date = {June 1970},
	volume = {13},
	number = {6},
	month = jun,
	year = {1970},
	issn = {0001-0782},
	pages = {377--387},
	numpages = {11},
	url = {http://doi.acm.org/10.1145/362384.362685},
	doi = {10.1145/362384.362685},
	acmid = {362685},
	publisher = {ACM},
	address = {New York, NY, USA},
	keywords = {composition, consistency, data bank, data base, data integrity, data organization, data structure, derivability, hierarchies of data, join, networks of data, predicate calculus, redundancy, relations, retrieval language, security},
} 

@misc{Couchbase2017,
	author = {Couchbase.com},
	title = {Comparing document-oriented and relational data},
	year = {2017},
	howpublished = {\url{https://developer.couchbase.com/documentation/server/3.x/developer/dev-guide-3.0/compare-docs-vs-relational.html}},
	note = {Accessed: 15th june 2017}
}

@misc{DB-engines,
	author = {DB-Engines},
	title = {Wide Column Stores},
	year = {2017},
	howpublished = {\url{https://db-engines.com/en/article/Wide+Column+Stores}},
	note = {Accessed: 18th june 2017}
}
	
@misc{Dugam2015,
	author = {Aksh Dugam},
	title = {What are the advantages and disadvantages of PostgreSQL?},
	year = {December 2015},
	howpublished = {\url{https://www.quora.com/What-are-the-advantages-and-disadvantages-of-PostgreSQL}},
	note = {Accessed: 14th june 2017}
}

@misc{Lerman2011,
	author = {Julie Lerman},
	title = {Data Points - What the Heck Are Document Databases?},
	year = {November 2011},
	howpublished = {\url{https://msdn.microsoft.com/en-us/magazine/hh547103.aspx}},
	note = {Accessed: 14th june 2017}
}

@misc{neo4j,
	author = {Neo4J},
	title = {What is Neo4J?},
	year = {2017},
	howpublished = {\url{https://neo4j.com/developer/graph-database/}},
	note = {Accessed: 18th june 2017}
}

@misc{Quora,
	author = {Josep Lluis Larriba Pey, Jonathan Jaffe},
	title = {What are the pros and cons of using a graph database?},
	year = {2017},
	howpublished = {\url{https://www.quora.com/What-are-the-pros-and-cons-of-using-a-graph-database}},
	note = {Accessed: 18th june 2017}
}

@misc{Rodriguez2010,
	author = {Marko Rodriguez},
	title = {An Overview of Data Management Paradigms: Relational, Document, and Graph},
	year = {February 2010},
	howpublished = {\url{https://www.slideshare.net/slidarko/an-overview-of-data-management-paradigms-relational-document-and-graph-3880059}},
	note = {Accessed: 18th june 2017}
}

@misc{Subramanian2016,
	author = {Saravan Subramanian},
	title = {A primer on open-source NoSQL Databases},
	year = {January 2016},
	howpublished = {\url{https://dzone.com/articles/a-primer-on-open-source-nosql-databases}},
	note = {Accessed: 14th june 2017}
}

@misc{Widom2014,
  author = {Jennifer Widom},
  title = {Introduction to Databases},
  year = {December 2013},
  howpublished = {\url{https://lagunita.stanford.edu/courses/Engineering/db/2014_1/about}},
  note = {Accessed: 14th june 2017}
}
  
  @misc{PostgreSQL,
  author = {PostgreSQL},
  title = {PostgreSQL},
  year = {2017},
  howpublished = {\url{https://www.postgresql.org/about/}},
  note = {Accessed: 19th june 2017}
}
  
 @misc{Python,
  author = {Python.org},
  title = {Web Frameworks for Python},
  year = {2017},
  howpublished = {\url{https://wiki.python.org/moin/WebFrameworks}},
  note = {Accessed: 19th june 2017}
}


@misc{mongo,
	author = {MongoDB},
	title = {Transitioning from Relational Databases to MongoDB - Data Models},
	year = {2017},
	howpublished = {\url{https://www.mongodb.com/blog/post/transitioning-from-relational-databases-to-mongodb}},
	note = {Accessed: 19th june 2017}
}

